% https://canvas.iastate.edu/courses/112913/files/28358353?module_item_id=6671950
@unpublished{grager2024,
    author  = {Travis Grager},
    title   = {Stability and Control},
    note    = {Lecture slides},
    year    = {2024},
    url     = {https://canvas.iastate.edu/courses/112913/files/28358353?module_item_id=6671950},
    urldate = {2024-10-15}
}
